code,order_type,orderid,market_price_of_send_order,market_time_of_send_order,send_order_price,send_order_time,receive_trade_price,receive_trade_time,lots,volScale,order_comment
SHFE.al.2202,short_order,1565565135,19950.000000,09:56:41.500,19960.000000,09:56:43.386,19960.000000,09:57:20.004,1.000000,5,code_shortOrder_marketMaking
SHFE.al.2202,cover_order,1565565184,19960.000000,09:57:18.000,19970.000000,09:57:20.003,19965.000000,09:57:22.663,1.000000,5,code_coverOrder_onlyClose
SHFE.al.2202,buy_order,1565565809,19985.000000,10:04:56.000,19970.000000,10:04:57.912,19970.000000,10:05:28.387,1.000000,5,code_buyOrder_marketMaking
SHFE.al.2202,sell_order,1565565844,19970.000000,10:05:26.500,19960.000000,10:05:28.386,19970.000000,10:05:40.066,1.000000,5,code_sellOrder_onlyClose
SHFE.al.2202,short_order,1565566328,19970.000000,10:31:55.500,19980.000000,10:31:57.414,19980.000000,10:32:17.116,1.000000,5,code_shortOrder_marketMaking
SHFE.al.2202,cover_order,1565566354,19980.000000,10:32:15.000,19990.000000,10:32:17.115,19985.000000,10:32:24.359,1.000000,5,code_coverOrder_onlyClose
SHFE.al.2202,short_order,1565566588,19950.000000,10:35:17.000,19965.000000,10:35:19.615,19965.000000,10:35:40.950,1.000000,5,code_shortOrder_marketMaking
SHFE.al.2202,cover_order,1565566610,19965.000000,10:35:39.000,19970.000000,10:35:40.949,19965.000000,10:35:52.606,1.000000,5,code_coverOrder_onlyClose
SHFE.al.2202,buy_order,1565566727,19970.000000,10:37:16.500,19955.000000,10:37:18.225,19955.000000,10:38:20.871,1.000000,5,code_buyOrder_marketMaking
SHFE.al.2202,sell_order,1565566786,19950.000000,10:38:19.000,19945.000000,10:38:20.870,19950.000000,10:38:39.828,1.000000,5,code_sellOrder_onlyClose
SHFE.al.2202,buy_order,1565566966,19915.000000,10:40:54.500,19900.000000,10:40:56.894,19890.000000,10:41:10.851,1.000000,5,code_buyOrder_marketMaking
SHFE.al.2202,sell_order,1565566983,19890.000000,10:41:08.500,19885.000000,10:41:10.850,19890.000000,10:41:16.442,1.000000,5,code_sellOrder_onlyClose
SHFE.al.2202,short_order,1565566991,19890.000000,10:41:14.500,19900.000000,10:41:17.119,19900.000000,10:41:45.739,1.000000,5,code_shortOrder_marketMaking
SHFE.al.2202,cover_order,1565567023,19890.000000,10:41:43.500,19895.000000,10:41:45.738,19890.000000,10:41:52.272,1.000000,5,code_coverOrder_onlyClose
SHFE.al.2202,buy_order,1565567031,19890.000000,10:41:50.500,19880.000000,10:41:52.843,19880.000000,10:42:04.781,1.000000,5,code_buyOrder_marketMaking
SHFE.al.2202,sell_order,1565567044,19875.000000,10:42:02.500,19870.000000,10:42:04.780,19870.000000,10:42:08.488,1.000000,5,code_sellOrder_onlyClose
SHFE.al.2202,buy_order,1565567051,19870.000000,10:42:06.000,19860.000000,10:42:09.768,19860.000000,10:42:35.396,1.000000,5,code_buyOrder_marketMaking
SHFE.al.2202,sell_order,1565567083,19860.000000,10:42:33.500,19860.000000,10:42:35.395,19860.000000,10:42:43.514,1.000000,5,code_sellOrder_onlyClose
SHFE.al.2202,buy_order,1565567164,19875.000000,10:43:46.000,19865.000000,10:43:48.218,19865.000000,10:44:14.344,1.000000,5,code_buyOrder_marketMaking
SHFE.al.2202,sell_order,1565567194,19875.000000,10:44:12.500,19865.000000,10:44:14.343,19870.000000,10:44:25.920,1.000000,5,code_sellOrder_onlyClose
SHFE.al.2202,short_order,1565567251,19865.000000,10:45:07.000,19880.000000,10:45:09.211,19880.000000,10:45:25.443,1.000000,5,code_shortOrder_marketMaking
SHFE.al.2202,cover_order,1565567266,19880.000000,10:45:23.500,19885.000000,10:45:25.442,19885.000000,10:45:43.608,1.000000,5,code_coverOrder_onlyClose
SHFE.al.2202,buy_order,1565567439,19855.000000,10:48:16.500,19850.000000,10:48:18.643,19850.000000,10:48:55.431,1.000000,5,code_buyOrder_marketMaking
SHFE.al.2202,sell_order,1565567479,19850.000000,10:48:53.500,19840.000000,10:48:55.429,19845.000000,10:49:10.654,1.000000,5,code_sellOrder_onlyClose
SHFE.al.2202,short_order,1565567519,19860.000000,10:49:35.500,19865.000000,10:49:37.769,19865.000000,10:49:53.969,1.000000,5,code_shortOrder_marketMaking
SHFE.al.2202,cover_order,1565567532,19875.000000,10:49:51.500,19880.000000,10:49:53.968,19875.000000,10:50:12.271,1.000000,5,code_coverOrder_onlyClose
SHFE.al.2202,short_order,1565567552,19870.000000,10:50:10.500,19880.000000,10:50:13.230,19880.000000,10:50:57.384,1.000000,5,code_shortOrder_marketMaking
SHFE.al.2202,cover_order,1565567594,19875.000000,10:50:55.500,19885.000000,10:50:57.383,19880.000000,10:51:06.869,1.000000,5,code_coverOrder_onlyClose
SHFE.al.2202,short_order,1565567602,19870.000000,10:51:05.500,19880.000000,10:51:08.619,19880.000000,10:51:29.404,1.000000,5,code_shortOrder_marketMaking
SHFE.al.2202,cover_order,1565567624,19885.000000,10:51:27.500,19890.000000,10:51:29.403,19885.000000,10:51:44.211,1.000000,5,code_coverOrder_onlyClose
SHFE.al.2202,buy_order,1565567801,19885.000000,10:54:43.000,19875.000000,10:54:45.209,19875.000000,10:55:04.256,1.000000,5,code_buyOrder_marketMaking
SHFE.al.2202,sell_order,1565567821,19870.000000,10:55:02.000,19860.000000,10:55:04.255,19865.000000,10:55:13.007,1.000000,5,code_sellOrder_onlyClose
SHFE.al.2202,buy_order,1565567826,19875.000000,10:55:11.500,19865.000000,10:55:14.167,19865.000000,10:55:37.448,1.000000,5,code_buyOrder_marketMaking
SHFE.al.2202,sell_order,1565567851,19865.000000,10:55:35.500,19855.000000,10:55:37.447,19860.000000,10:55:46.839,1.000000,5,code_sellOrder_onlyClose
SHFE.al.2202,buy_order,1565568011,19840.000000,10:58:34.000,19835.000000,10:58:36.546,19835.000000,10:58:54.639,1.000000,5,code_buyOrder_marketMaking
SHFE.al.2202,sell_order,1565568024,19835.000000,10:58:52.500,19825.000000,10:58:54.638,19830.000000,10:59:04.134,1.000000,5,code_sellOrder_onlyClose
SHFE.al.2202,short_order,1565568091,19825.000000,11:00:02.500,19840.000000,11:00:05.449,19840.000000,11:00:34.860,1.000000,5,code_shortOrder_marketMaking
SHFE.al.2202,cover_order,1565568120,19840.000000,11:00:33.000,19845.000000,11:00:34.859,19840.000000,11:00:52.462,1.000000,5,code_coverOrder_onlyClose
SHFE.al.2202,short_order,1565568263,19825.000000,11:03:19.000,19835.000000,11:03:20.929,19835.000000,11:03:48.804,1.000000,5,code_shortOrder_marketMaking
SHFE.al.2202,cover_order,1565568284,19830.000000,11:03:47.000,19840.000000,11:03:48.803,19835.000000,11:04:07.414,1.000000,5,code_coverOrder_onlyClose
SHFE.al.2202,buy_order,1565568790,19850.000000,11:14:42.000,19835.000000,11:14:44.080,19835.000000,11:15:17.405,1.000000,5,code_buyOrder_marketMaking
SHFE.al.2202,sell_order,1565568813,19830.000000,11:15:15.500,19820.000000,11:15:17.404,19825.000000,11:15:43.935,1.000000,5,code_sellOrder_onlyClose
SHFE.al.2202,buy_order,1565568933,19825.000000,11:17:52.000,19815.000000,11:17:54.668,19815.000000,11:18:31.482,1.000000,5,code_buyOrder_marketMaking
SHFE.al.2202,sell_order,1565568963,19810.000000,11:18:29.500,19805.000000,11:18:31.481,19810.000000,11:18:45.695,1.000000,5,code_sellOrder_onlyClose
SHFE.al.2202,buy_order,1565569088,19815.000000,11:21:28.000,19800.000000,11:21:30.249,19800.000000,11:22:11.955,1.000000,5,code_buyOrder_marketMaking
SHFE.al.2202,sell_order,1565569117,19800.000000,11:22:10.000,19790.000000,11:22:11.954,19795.000000,11:22:27.768,1.000000,5,code_sellOrder_onlyClose
SHFE.al.2202,buy_order,1565569281,19830.000000,13:30:18.500,19820.000000,13:30:23.747,19820.000000,13:30:51.145,1.000000,5,code_buyOrder_marketMaking
SHFE.al.2202,sell_order,1565569309,19835.000000,13:30:50.500,19820.000000,13:30:51.144,19825.000000,13:31:13.948,1.000000,5,code_sellOrder_onlyClose
SHFE.al.2202,buy_order,1565569366,19810.000000,13:32:10.000,19800.000000,13:32:10.679,19795.000000,13:32:43.670,1.000000,5,code_buyOrder_marketMaking
SHFE.al.2202,sell_order,1565569389,19785.000000,13:32:43.000,19780.000000,13:32:43.669,19790.000000,13:33:07.538,1.000000,5,code_sellOrder_onlyClose
SHFE.al.2202,short_order,1565569443,19785.000000,13:34:08.500,19800.000000,13:34:09.255,19800.000000,13:34:38.052,1.000000,5,code_shortOrder_marketMaking
SHFE.al.2202,cover_order,1565569462,19800.000000,13:34:37.500,19805.000000,13:34:38.050,19800.000000,13:35:01.201,1.000000,5,code_coverOrder_onlyClose
SHFE.al.2202,short_order,1565569703,19790.000000,13:40:59.500,19805.000000,13:40:59.833,19805.000000,13:41:49.725,1.000000,5,code_shortOrder_marketMaking
SHFE.al.2202,cover_order,1565569735,19805.000000,13:41:48.500,19815.000000,13:41:49.724,19810.000000,13:42:05.126,1.000000,5,code_coverOrder_onlyClose
SHFE.al.2202,buy_order,1565569747,19805.000000,13:42:05.000,19790.000000,13:42:06.933,19790.000000,13:42:47.884,1.000000,5,code_buyOrder_marketMaking
SHFE.al.2202,sell_order,1565569778,19790.000000,13:42:47.500,19780.000000,13:42:47.883,19785.000000,13:43:02.794,1.000000,5,code_sellOrder_onlyClose
SHFE.al.2202,short_order,1565569861,19800.000000,13:44:57.500,19810.000000,13:44:58.678,19810.000000,13:45:15.062,1.000000,5,code_shortOrder_marketMaking
SHFE.al.2202,cover_order,1565569870,19810.000000,13:45:14.500,19815.000000,13:45:15.061,19815.000000,13:45:33.429,1.000000,5,code_coverOrder_onlyClose
SHFE.al.2202,short_order,1565570155,19815.000000,13:53:02.000,19825.000000,13:53:04.131,19825.000000,13:53:46.333,1.000000,5,code_shortOrder_marketMaking
SHFE.al.2202,cover_order,1565570176,19830.000000,13:53:45.000,19835.000000,13:53:46.332,19830.000000,13:54:12.392,1.000000,5,code_coverOrder_onlyClose
SHFE.al.2202,buy_order,1565570462,19835.000000,14:01:57.000,19820.000000,14:01:57.612,19820.000000,14:02:48.667,1.000000,5,code_buyOrder_marketMaking
SHFE.al.2202,sell_order,1565570497,19820.000000,14:02:48.000,19815.000000,14:02:48.666,19820.000000,14:03:06.886,1.000000,5,code_sellOrder_onlyClose
