code,order_type,orderid,market_price_of_send_order,market_time_of_send_order,send_order_price,send_order_time,receive_trade_price,receive_trade_time,lots,volScale,order_comment
SHFE.hc.2205,short_order,1565563209,4468.000000,09:35:19.500,4470.000000,09:35:21.428,4470.000000,09:35:31.377,1.000000,10,code_shortOrder_marketMaking
SHFE.hc.2205,cover_order,1565563224,4469.000000,09:35:29.000,4471.000000,09:35:31.376,4471.000000,09:35:31.615,1.000000,10,code_coverOrder_onlyClose
SHFE.hc.2205,buy_order,1565563268,4468.000000,09:35:49.500,4466.000000,09:35:51.352,4466.000000,09:35:56.354,1.000000,10,code_buyOrder_marketMaking
SHFE.hc.2205,sell_order,1565563282,4466.000000,09:35:54.500,4465.000000,09:35:56.353,4465.000000,09:35:56.459,1.000000,10,code_sellOrder_onlyClose
SHFE.hc.2205,short_order,1565563552,4465.000000,09:40:03.000,4467.000000,09:40:04.801,4467.000000,09:40:09.421,1.000000,10,code_shortOrder_marketMaking
SHFE.hc.2205,cover_order,1565563565,4467.000000,09:40:07.500,4468.000000,09:40:09.420,4468.000000,09:40:09.791,1.000000,10,code_coverOrder_onlyClose
SHFE.hc.2205,short_order,1565565344,4470.000000,09:59:09.500,4472.000000,09:59:11.813,4472.000000,09:59:17.207,1.000000,10,code_shortOrder_marketMaking
SHFE.hc.2205,cover_order,1565565353,4475.000000,09:59:15.000,4476.000000,09:59:17.206,4475.000000,09:59:20.093,1.000000,10,code_coverOrder_onlyClose
SHFE.hc.2205,short_order,1565565395,4475.000000,09:59:43.500,4478.000000,09:59:45.860,4478.000000,09:59:54.260,1.000000,10,code_shortOrder_marketMaking
SHFE.hc.2205,cover_order,1565565408,4479.000000,09:59:52.500,4480.000000,09:59:54.259,4480.000000,09:59:56.433,1.000000,10,code_coverOrder_onlyClose
SHFE.hc.2205,short_order,1565565410,4478.000000,09:59:55.000,4481.000000,09:59:57.281,4481.000000,10:00:17.487,1.000000,10,code_shortOrder_marketMaking
SHFE.hc.2205,cover_order,1565565443,4481.000000,10:00:15.500,4483.000000,10:00:17.486,4481.000000,10:00:28.739,1.000000,10,code_coverOrder_onlyClose
SHFE.hc.2205,buy_order,1565565460,4481.000000,10:00:27.000,4479.000000,10:00:29.196,4477.000000,10:00:37.461,1.000000,10,code_buyOrder_marketMaking
SHFE.hc.2205,sell_order,1565565471,4476.000000,10:00:35.000,4475.000000,10:00:37.460,4476.000000,10:00:54.500,1.000000,10,code_sellOrder_onlyClose
SHFE.hc.2205,buy_order,1565565530,4476.000000,10:01:19.500,4474.000000,10:01:21.331,4474.000000,10:01:50.241,1.000000,10,code_buyOrder_marketMaking
SHFE.hc.2205,sell_order,1565565574,4471.000000,10:01:48.500,4470.000000,10:01:50.239,4471.000000,10:01:57.292,1.000000,10,code_sellOrder_onlyClose
SHFE.hc.2205,buy_order,1565565821,4466.000000,10:05:07.000,4463.000000,10:05:08.755,4463.000000,10:05:27.229,1.000000,10,code_buyOrder_marketMaking
SHFE.hc.2205,sell_order,1565565870,4456.000000,10:05:43.500,4455.000000,10:05:45.464,4457.000000,10:06:01.885,1.000000,10,code_sellOrder_reSend
SHFE.hc.2205,buy_order,1565565884,4459.000000,10:06:00.500,4458.000000,10:06:03.206,4458.000000,10:06:17.082,1.000000,10,code_buyOrder_marketMaking
SHFE.hc.2205,short_order,1565565886,4459.000000,10:06:00.500,4462.000000,10:06:03.206,4462.000000,10:06:24.023,1.000000,10,code_shortOrder_marketMaking
SHFE.hc.2205,sell_order,1565565903,4462.000000,10:06:15.000,4461.000000,10:06:17.081,4462.000000,10:06:30.388,1.000000,10,code_sellOrder_onlyClose
SHFE.hc.2205,cover_order,1565565908,4464.000000,10:06:22.000,4466.000000,10:06:24.022,4463.000000,10:06:35.866,1.000000,10,code_coverOrder_onlyClose
SHFE.hc.2205,buy_order,1565565959,4459.000000,10:07:09.000,4457.000000,10:07:10.701,4457.000000,10:07:17.194,1.000000,10,code_buyOrder_marketMaking
SHFE.hc.2205,sell_order,1565565963,4456.000000,10:07:15.000,4455.000000,10:07:17.193,4455.000000,10:07:23.609,1.000000,10,code_sellOrder_onlyClose
SHFE.hc.2205,buy_order,1565566039,4459.000000,10:08:25.000,4458.000000,10:08:26.815,4458.000000,10:08:40.377,1.000000,10,code_buyOrder_marketMaking
SHFE.hc.2205,sell_order,1565566059,4458.000000,10:08:38.000,4455.000000,10:08:40.376,4455.000000,10:08:47.009,1.000000,10,code_sellOrder_onlyClose
SHFE.hc.2205,short_order,1565566081,4457.000000,10:08:55.500,4459.000000,10:08:57.764,4459.000000,10:09:10.831,1.000000,10,code_shortOrder_marketMaking
SHFE.hc.2205,cover_order,1565566092,4459.000000,10:09:08.500,4461.000000,10:09:10.830,4460.000000,10:09:21.937,1.000000,10,code_coverOrder_onlyClose
SHFE.hc.2205,short_order,1565566223,4454.000000,10:30:39.000,4455.000000,10:30:41.539,4455.000000,10:30:56.996,1.000000,10,code_shortOrder_marketMaking
SHFE.hc.2205,cover_order,1565566239,4456.000000,10:30:55.000,4458.000000,10:30:56.994,4457.000000,10:31:06.196,1.000000,10,code_coverOrder_onlyClose
SHFE.hc.2205,short_order,1565566283,4457.000000,10:31:24.500,4459.000000,10:31:26.734,4459.000000,10:31:39.055,1.000000,10,code_shortOrder_marketMaking
SHFE.hc.2205,cover_order,1565566300,4461.000000,10:31:37.000,4463.000000,10:31:39.054,4461.000000,10:31:42.798,1.000000,10,code_coverOrder_onlyClose
SHFE.hc.2205,short_order,1565566316,4459.000000,10:31:46.500,4461.000000,10:31:50.298,4463.000000,10:32:01.112,1.000000,10,code_shortOrder_marketMaking
SHFE.hc.2205,cover_order,1565566329,4463.000000,10:31:59.000,4464.000000,10:32:01.111,4463.000000,10:32:11.904,1.000000,10,code_coverOrder_onlyClose
SHFE.hc.2205,buy_order,1565566485,4459.000000,10:33:59.000,4459.000000,10:34:01.098,4459.000000,10:34:13.073,1.000000,10,code_buyOrder_marketMaking
SHFE.hc.2205,sell_order,1565566503,4458.000000,10:34:11.000,4457.000000,10:34:13.072,4458.000000,10:34:19.864,1.000000,10,code_sellOrder_onlyClose
SHFE.hc.2205,buy_order,1565566512,4460.000000,10:34:18.000,4457.000000,10:34:20.430,4457.000000,10:34:43.934,1.000000,10,code_buyOrder_marketMaking
SHFE.hc.2205,sell_order,1565566542,4457.000000,10:34:42.000,4455.000000,10:34:43.933,4456.000000,10:34:49.133,1.000000,10,code_sellOrder_onlyClose
SHFE.hc.2205,buy_order,1565566579,4457.000000,10:35:10.500,4457.000000,10:35:13.094,4456.000000,10:35:26.584,1.000000,10,code_buyOrder_marketMaking
SHFE.hc.2205,sell_order,1565566597,4457.000000,10:35:24.500,4456.000000,10:35:26.583,4457.000000,10:35:40.302,1.000000,10,code_sellOrder_onlyClose
SHFE.hc.2205,buy_order,1565566709,4456.000000,10:36:59.500,4453.000000,10:37:01.357,4453.000000,10:37:31.594,1.000000,10,code_buyOrder_marketMaking
SHFE.hc.2205,sell_order,1565566739,4453.000000,10:37:29.500,4452.000000,10:37:31.593,4453.000000,10:37:41.905,1.000000,10,code_sellOrder_onlyClose
SHFE.hc.2205,buy_order,1565566768,4451.000000,10:38:04.000,4449.000000,10:38:06.006,4449.000000,10:38:19.210,1.000000,10,code_buyOrder_marketMaking
SHFE.hc.2205,sell_order,1565566784,4445.000000,10:38:17.000,4444.000000,10:38:19.208,4444.000000,10:38:32.380,1.000000,10,code_sellOrder_onlyClose
SHFE.hc.2205,short_order,1565566849,4438.000000,10:39:16.000,4439.000000,10:39:18.044,4439.000000,10:39:33.819,1.000000,10,code_shortOrder_marketMaking
SHFE.hc.2205,cover_order,1565566872,4438.000000,10:39:30.000,4440.000000,10:39:33.817,4440.000000,10:39:41.399,1.000000,10,code_coverOrder_onlyClose
SHFE.hc.2205,buy_order,1565566883,4437.000000,10:39:44.500,4435.000000,10:39:47.521,4435.000000,10:40:03.510,1.000000,10,code_buyOrder_marketMaking
SHFE.hc.2205,sell_order,1565566903,4435.000000,10:40:01.500,4434.000000,10:40:03.509,4434.000000,10:40:14.049,1.000000,10,code_sellOrder_onlyClose
SHFE.hc.2205,buy_order,1565566917,4434.000000,10:40:12.500,4431.000000,10:40:15.097,4431.000000,10:40:33.784,1.000000,10,code_buyOrder_marketMaking
SHFE.hc.2205,sell_order,1565566940,4432.000000,10:40:31.500,4431.000000,10:40:33.783,4432.000000,10:40:40.761,1.000000,10,code_sellOrder_onlyClose
SHFE.hc.2205,short_order,1565566952,4432.000000,10:40:38.500,4435.000000,10:40:44.006,4435.000000,10:41:01.901,1.000000,10,code_shortOrder_marketMaking
SHFE.hc.2205,cover_order,1565566973,4435.000000,10:40:59.500,4436.000000,10:41:01.900,4435.000000,10:41:10.100,1.000000,10,code_coverOrder_onlyClose
SHFE.hc.2205,short_order,1565567011,4438.000000,10:41:29.500,4439.000000,10:41:32.348,4439.000000,10:41:53.026,1.000000,10,code_shortOrder_marketMaking
SHFE.hc.2205,cover_order,1565567033,4439.000000,10:41:51.000,4440.000000,10:41:53.025,4439.000000,10:42:00.224,1.000000,10,code_coverOrder_onlyClose
SHFE.hc.2205,short_order,1565567046,4435.000000,10:42:03.000,4437.000000,10:42:05.556,4437.000000,10:42:13.521,1.000000,10,code_shortOrder_marketMaking
SHFE.hc.2205,cover_order,1565567054,4439.000000,10:42:11.500,4440.000000,10:42:13.520,4437.000000,10:42:29.221,1.000000,10,code_coverOrder_onlyClose
SHFE.hc.2205,short_order,1565567103,4438.000000,10:42:50.000,4440.000000,10:42:51.844,4440.000000,10:43:05.461,1.000000,10,code_shortOrder_marketMaking
SHFE.hc.2205,cover_order,1565567118,4437.000000,10:43:03.500,4440.000000,10:43:05.460,4438.000000,10:43:16.546,1.000000,10,code_coverOrder_onlyClose
SHFE.hc.2205,buy_order,1565567132,4437.000000,10:43:19.000,4435.000000,10:43:21.525,4434.000000,10:43:33.458,1.000000,10,code_buyOrder_marketMaking
SHFE.hc.2205,sell_order,1565567153,4434.000000,10:43:31.500,4432.000000,10:43:33.457,4433.000000,10:43:44.998,1.000000,10,code_sellOrder_onlyClose
SHFE.hc.2205,short_order,1565567175,4435.000000,10:43:53.000,4438.000000,10:43:55.878,4438.000000,10:44:15.064,1.000000,10,code_shortOrder_marketMaking
SHFE.hc.2205,cover_order,1565567195,4437.000000,10:44:13.000,4438.000000,10:44:15.064,4437.000000,10:44:27.322,1.000000,10,code_coverOrder_onlyClose
SHFE.hc.2205,buy_order,1565567207,4433.000000,10:44:25.500,4432.000000,10:44:28.189,4432.000000,10:44:45.152,1.000000,10,code_buyOrder_marketMaking
SHFE.hc.2205,sell_order,1565567227,4433.000000,10:44:43.000,4431.000000,10:44:45.151,4432.000000,10:44:56.961,1.000000,10,code_sellOrder_onlyClose
SHFE.hc.2205,short_order,1565567237,4430.000000,10:44:55.500,4433.000000,10:44:57.822,4433.000000,10:45:29.641,1.000000,10,code_shortOrder_marketMaking
SHFE.hc.2205,cover_order,1565567271,4431.000000,10:45:27.500,4432.000000,10:45:29.639,4431.000000,10:45:46.299,1.000000,10,code_coverOrder_onlyClose
SHFE.hc.2205,buy_order,1565567288,4428.000000,10:45:44.500,4425.000000,10:45:47.975,4425.000000,10:46:05.507,1.000000,10,code_buyOrder_marketMaking
SHFE.hc.2205,sell_order,1565567305,4426.000000,10:46:03.500,4425.000000,10:46:05.505,4425.000000,10:46:17.445,1.000000,10,code_sellOrder_onlyClose
SHFE.hc.2205,buy_order,1565567342,4432.000000,10:46:37.500,4429.000000,10:46:39.780,4429.000000,10:46:59.328,1.000000,10,code_buyOrder_marketMaking
SHFE.hc.2205,sell_order,1565567365,4430.000000,10:46:57.500,4429.000000,10:46:59.327,4429.000000,10:47:13.314,1.000000,10,code_sellOrder_onlyClose
SHFE.hc.2205,short_order,1565567378,4432.000000,10:47:11.500,4435.000000,10:47:13.978,4435.000000,10:47:35.005,1.000000,10,code_shortOrder_marketMaking
SHFE.hc.2205,cover_order,1565567399,4434.000000,10:47:33.000,4437.000000,10:47:35.004,4435.000000,10:47:48.202,1.000000,10,code_coverOrder_onlyClose
SHFE.hc.2205,buy_order,1565567414,4433.000000,10:47:46.500,4431.000000,10:47:48.827,4431.000000,10:48:12.539,1.000000,10,code_buyOrder_marketMaking
SHFE.hc.2205,sell_order,1565567436,4431.000000,10:48:10.500,4430.000000,10:48:12.538,4430.000000,10:48:32.798,1.000000,10,code_sellOrder_onlyClose
SHFE.hc.2205,short_order,1565567460,4435.000000,10:48:31.000,4436.000000,10:48:33.584,4436.000000,10:49:14.201,1.000000,10,code_shortOrder_marketMaking
SHFE.hc.2205,cover_order,1565567496,4437.000000,10:49:12.000,4438.000000,10:49:14.200,4437.000000,10:49:27.281,1.000000,10,code_coverOrder_onlyClose
SHFE.hc.2205,short_order,1565567508,4441.000000,10:49:26.000,4442.000000,10:49:28.609,4443.000000,10:49:41.848,1.000000,10,code_shortOrder_marketMaking
SHFE.hc.2205,cover_order,1565567554,4452.000000,10:50:15.500,4453.000000,10:50:18.225,4449.000000,10:50:31.890,1.000000,10,code_coverOrder_reSend
SHFE.hc.2205,short_order,1565567596,4450.000000,10:50:57.500,4452.000000,10:50:59.716,4452.000000,10:51:28.560,1.000000,10,code_shortOrder_marketMaking
SHFE.hc.2205,cover_order,1565567623,4453.000000,10:51:26.500,4454.000000,10:51:28.558,4453.000000,10:51:43.630,1.000000,10,code_coverOrder_onlyClose
SHFE.hc.2205,buy_order,1565567676,4458.000000,10:52:24.500,4456.000000,10:52:26.669,4456.000000,10:52:40.710,1.000000,10,code_buyOrder_marketMaking
SHFE.hc.2205,sell_order,1565567690,4454.000000,10:52:38.500,4453.000000,10:52:40.709,4453.000000,10:52:52.056,1.000000,10,code_sellOrder_onlyClose
SHFE.hc.2205,buy_order,1565567844,4453.000000,10:55:30.000,4452.000000,10:55:31.848,4452.000000,10:55:48.465,1.000000,10,code_buyOrder_marketMaking
SHFE.hc.2205,sell_order,1565567860,4450.000000,10:55:46.000,4448.000000,10:55:48.464,4450.000000,10:55:58.206,1.000000,10,code_sellOrder_onlyClose
SHFE.hc.2205,short_order,1565567893,4452.000000,10:56:21.500,4455.000000,10:56:24.193,4455.000000,10:56:37.932,1.000000,10,code_shortOrder_marketMaking
SHFE.hc.2205,cover_order,1565567906,4454.000000,10:56:36.000,4456.000000,10:56:37.931,4454.000000,10:56:52.206,1.000000,10,code_coverOrder_onlyClose
SHFE.hc.2205,buy_order,1565567919,4453.000000,10:56:50.500,4450.000000,10:56:52.937,4450.000000,10:57:16.911,1.000000,10,code_buyOrder_marketMaking
SHFE.hc.2205,sell_order,1565567941,4449.000000,10:57:15.000,4448.000000,10:57:16.910,4449.000000,10:57:30.857,1.000000,10,code_sellOrder_onlyClose
SHFE.hc.2205,short_order,1565567955,4449.000000,10:57:33.500,4451.000000,10:57:36.075,4451.000000,10:58:11.159,1.000000,10,code_shortOrder_marketMaking
SHFE.hc.2205,cover_order,1565567990,4449.000000,10:58:09.000,4450.000000,10:58:11.158,4448.000000,10:58:26.492,1.000000,10,code_coverOrder_onlyClose
SHFE.hc.2205,short_order,1565568026,4448.000000,10:58:54.500,4450.000000,10:58:56.893,4450.000000,10:59:13.008,1.000000,10,code_shortOrder_marketMaking
SHFE.hc.2205,cover_order,1565568045,4451.000000,10:59:11.000,4452.000000,10:59:13.007,4451.000000,10:59:29.204,1.000000,10,code_coverOrder_onlyClose
SHFE.hc.2205,buy_order,1565568074,4449.000000,10:59:48.500,4447.000000,10:59:51.196,4446.000000,11:00:10.788,1.000000,10,code_buyOrder_marketMaking
SHFE.hc.2205,sell_order,1565568094,4446.000000,11:00:09.000,4444.000000,11:00:10.787,4445.000000,11:00:33.209,1.000000,10,code_sellOrder_onlyClose
SHFE.hc.2205,short_order,1565568117,4444.000000,11:00:31.500,4446.000000,11:00:34.112,4446.000000,11:00:54.327,1.000000,10,code_shortOrder_marketMaking
SHFE.hc.2205,cover_order,1565568134,4445.000000,11:00:52.500,4446.000000,11:00:54.325,4446.000000,11:01:14.147,1.000000,10,code_coverOrder_onlyClose
SHFE.hc.2205,short_order,1565568281,4441.000000,11:03:41.000,4445.000000,11:03:43.758,4445.000000,11:04:08.328,1.000000,10,code_shortOrder_marketMaking
SHFE.hc.2205,cover_order,1565568297,4445.000000,11:04:06.500,4446.000000,11:04:08.327,4445.000000,11:04:18.498,1.000000,10,code_coverOrder_onlyClose
SHFE.hc.2205,buy_order,1565568344,4444.000000,11:05:05.500,4441.000000,11:05:07.815,4441.000000,11:05:46.565,1.000000,10,code_buyOrder_marketMaking
SHFE.hc.2205,sell_order,1565568378,4439.000000,11:05:44.500,4438.000000,11:05:46.564,4439.000000,11:06:14.263,1.000000,10,code_sellOrder_onlyClose
SHFE.hc.2205,buy_order,1565568458,4435.000000,11:07:23.000,4432.000000,11:07:24.848,4432.000000,11:07:49.063,1.000000,10,code_buyOrder_marketMaking
SHFE.hc.2205,sell_order,1565568478,4431.000000,11:07:47.000,4429.000000,11:07:49.062,4430.000000,11:08:07.994,1.000000,10,code_sellOrder_onlyClose
SHFE.hc.2205,buy_order,1565568588,4429.000000,11:10:10.000,4427.000000,11:10:11.871,4427.000000,11:10:36.661,1.000000,10,code_buyOrder_marketMaking
SHFE.hc.2205,sell_order,1565568609,4424.000000,11:10:34.500,4422.000000,11:10:36.659,4424.000000,11:10:49.566,1.000000,10,code_sellOrder_onlyClose
SHFE.hc.2205,short_order,1565568619,4427.000000,11:10:48.000,4430.000000,11:10:50.739,4430.000000,11:11:30.569,1.000000,10,code_shortOrder_marketMaking
SHFE.hc.2205,cover_order,1565568650,4427.000000,11:11:28.500,4429.000000,11:11:30.567,4427.000000,11:11:44.712,1.000000,10,code_coverOrder_onlyClose
SHFE.hc.2205,short_order,1565568744,4428.000000,11:13:38.500,4431.000000,11:13:40.611,4431.000000,11:14:17.000,1.000000,10,code_shortOrder_marketMaking
SHFE.hc.2205,cover_order,1565568773,4429.000000,11:14:15.000,4430.000000,11:14:16.999,4430.000000,11:14:29.964,1.000000,10,code_coverOrder_onlyClose
SHFE.hc.2205,short_order,1565568781,4429.000000,11:14:28.000,4432.000000,11:14:31.326,4432.000000,11:14:59.359,1.000000,10,code_shortOrder_marketMaking
SHFE.hc.2205,buy_order,1565568780,4429.000000,11:14:28.000,4428.000000,11:14:31.326,4428.000000,11:15:18.532,1.000000,10,code_buyOrder_marketMaking
SHFE.hc.2205,cover_order,1565568800,4435.000000,11:14:57.500,4435.000000,11:14:59.358,4425.000000,11:15:27.419,1.000000,10,code_coverOrder_onlyClose
SHFE.hc.2205,sell_order,1565568814,4425.000000,11:15:16.500,4423.000000,11:15:18.530,4424.000000,11:15:44.665,1.000000,10,code_sellOrder_onlyClose
SHFE.hc.2205,short_order,1565568835,4426.000000,11:15:42.500,4428.000000,11:15:45.565,4428.000000,11:16:12.526,1.000000,10,code_shortOrder_marketMaking
SHFE.hc.2205,cover_order,1565568854,4428.000000,11:16:10.500,4430.000000,11:16:12.525,4429.000000,11:16:34.539,1.000000,10,code_coverOrder_onlyClose
SHFE.hc.2205,buy_order,1565568907,4426.000000,11:17:20.000,4424.000000,11:17:22.576,4424.000000,11:17:50.669,1.000000,10,code_buyOrder_marketMaking
SHFE.hc.2205,sell_order,1565568931,4422.000000,11:17:48.500,4422.000000,11:17:50.668,4423.000000,11:18:09.826,1.000000,10,code_sellOrder_onlyClose
SHFE.hc.2205,buy_order,1565568974,4416.000000,11:18:50.000,4413.000000,11:18:51.926,4413.000000,11:19:11.894,1.000000,10,code_buyOrder_marketMaking
SHFE.hc.2205,sell_order,1565568992,4413.000000,11:19:10.000,4412.000000,11:19:11.893,4412.000000,11:19:43.637,1.000000,10,code_sellOrder_onlyClose
SHFE.hc.2205,buy_order,1565569013,4409.000000,11:19:42.000,4407.000000,11:19:44.711,4407.000000,11:20:16.792,1.000000,10,code_buyOrder_marketMaking
SHFE.hc.2205,sell_order,1565569037,4405.000000,11:20:14.500,4404.000000,11:20:16.791,4405.000000,11:20:37.436,1.000000,10,code_sellOrder_onlyClose
SHFE.hc.2205,short_order,1565569053,4410.000000,11:20:36.000,4413.000000,11:20:38.592,4414.000000,11:21:02.333,1.000000,10,code_shortOrder_marketMaking
SHFE.hc.2205,cover_order,1565569098,4414.000000,11:21:42.000,4416.000000,11:21:44.241,4416.000000,11:22:07.518,1.000000,10,code_coverOrder_reSend
SHFE.hc.2205,buy_order,1565569115,4414.000000,11:22:06.000,4411.000000,11:22:08.605,4411.000000,11:22:24.071,1.000000,10,code_buyOrder_marketMaking
SHFE.hc.2205,sell_order,1565569124,4412.000000,11:22:22.000,4410.000000,11:22:24.069,4411.000000,11:22:49.105,1.000000,10,code_sellOrder_onlyClose
SHFE.hc.2205,buy_order,1565569150,4415.000000,11:22:47.500,4413.000000,11:22:50.218,4413.000000,11:23:09.503,1.000000,10,code_buyOrder_marketMaking
SHFE.hc.2205,sell_order,1565569163,4412.000000,11:23:07.500,4410.000000,11:23:09.502,4410.000000,11:23:24.739,1.000000,10,code_sellOrder_onlyClose
SHFE.hc.2205,short_order,1565569175,4414.000000,11:23:23.000,4416.000000,11:23:25.683,4417.000000,11:23:43.812,1.000000,10,code_shortOrder_marketMaking
SHFE.hc.2205,cover_order,1565569187,4418.000000,11:23:42.000,4420.000000,11:23:43.811,4416.000000,11:23:59.414,1.000000,10,code_coverOrder_onlyClose
SHFE.hc.2205,short_order,1565569201,4415.000000,11:23:57.500,4417.000000,11:24:00.438,4417.000000,11:24:27.206,1.000000,10,code_shortOrder_marketMaking
SHFE.hc.2205,cover_order,1565569220,4419.000000,11:24:25.000,4420.000000,11:24:27.205,4419.000000,11:24:45.624,1.000000,10,code_coverOrder_onlyClose
SHFE.hc.2205,short_order,1565569263,4411.000000,13:30:02.000,4413.000000,13:30:12.136,4415.000000,13:30:15.393,1.000000,10,code_shortOrder_marketMaking
SHFE.hc.2205,cover_order,1565569297,4417.000000,13:30:36.000,4419.000000,13:30:37.021,4419.000000,13:31:15.908,1.000000,10,code_coverOrder_reSend
SHFE.hc.2205,buy_order,1565569328,4417.000000,13:31:15.500,4414.000000,13:31:16.945,4414.000000,13:32:03.769,1.000000,10,code_buyOrder_marketMaking
SHFE.hc.2205,short_order,1565569329,4417.000000,13:31:15.500,4419.000000,13:31:16.945,4419.000000,13:32:28.639,1.000000,10,code_shortOrder_marketMaking
SHFE.hc.2205,sell_order,1565569362,4417.000000,13:32:03.500,4415.000000,13:32:03.767,4421.000000,13:32:35.084,1.000000,10,code_sellOrder_onlyClose
SHFE.hc.2205,cover_order,1565569380,4421.000000,13:32:28.000,4422.000000,13:32:28.638,4422.000000,13:32:55.673,1.000000,10,code_coverOrder_onlyClose
SHFE.hc.2205,buy_order,1565569396,4415.000000,13:32:55.500,4412.000000,13:32:56.573,4412.000000,13:33:19.683,1.000000,10,code_buyOrder_marketMaking
SHFE.hc.2205,sell_order,1565569414,4412.000000,13:33:19.000,4411.000000,13:33:19.682,4411.000000,13:33:49.361,1.000000,10,code_sellOrder_onlyClose
SHFE.hc.2205,short_order,1565569492,4416.000000,13:35:28.000,4419.000000,13:35:28.770,4423.000000,13:35:49.721,1.000000,10,code_shortOrder_marketMaking
SHFE.hc.2205,cover_order,1565569508,4424.000000,13:35:49.000,4426.000000,13:35:49.720,4422.000000,13:36:16.014,1.000000,10,code_coverOrder_onlyClose
SHFE.hc.2205,buy_order,1565569563,4416.000000,13:37:17.000,4414.000000,13:37:17.853,4414.000000,13:38:06.706,1.000000,10,code_buyOrder_marketMaking
SHFE.hc.2205,sell_order,1565569593,4413.000000,13:38:06.000,4412.000000,13:38:06.705,4413.000000,13:38:33.385,1.000000,10,code_sellOrder_onlyClose
SHFE.hc.2205,short_order,1565569608,4413.000000,13:38:33.500,4415.000000,13:38:34.753,4415.000000,13:39:08.979,1.000000,10,code_shortOrder_marketMaking
SHFE.hc.2205,cover_order,1565569631,4415.000000,13:39:08.500,4417.000000,13:39:08.977,4416.000000,13:39:29.636,1.000000,10,code_coverOrder_onlyClose
SHFE.hc.2205,buy_order,1565569645,4417.000000,13:39:30.000,4414.000000,13:39:31.275,4414.000000,13:40:03.279,1.000000,10,code_buyOrder_marketMaking
SHFE.hc.2205,sell_order,1565569667,4415.000000,13:40:03.000,4413.000000,13:40:03.278,4414.000000,13:40:30.173,1.000000,10,code_sellOrder_onlyClose
SHFE.hc.2205,buy_order,1565569686,4413.000000,13:40:30.000,4411.000000,13:40:31.145,4411.000000,13:41:12.837,1.000000,10,code_buyOrder_marketMaking
SHFE.hc.2205,sell_order,1565569712,4411.000000,13:41:12.500,4409.000000,13:41:12.836,4410.000000,13:41:33.460,1.000000,10,code_sellOrder_onlyClose
SHFE.hc.2205,buy_order,1565569745,4414.000000,13:42:02.500,4412.000000,13:42:03.923,4412.000000,13:42:15.647,1.000000,10,code_buyOrder_marketMaking
SHFE.hc.2205,sell_order,1565569753,4412.000000,13:42:15.000,4410.000000,13:42:15.646,4411.000000,13:42:38.230,1.000000,10,code_sellOrder_onlyClose
SHFE.hc.2205,short_order,1565569769,4411.000000,13:42:38.000,4413.000000,13:42:39.295,4413.000000,13:43:15.956,1.000000,10,code_shortOrder_marketMaking
SHFE.hc.2205,cover_order,1565569795,4418.000000,13:43:15.500,4419.000000,13:43:15.955,4418.000000,13:43:37.702,1.000000,10,code_coverOrder_onlyClose
SHFE.hc.2205,buy_order,1565569848,4418.000000,13:44:41.500,4416.000000,13:44:42.008,4416.000000,13:45:16.242,1.000000,10,code_buyOrder_marketMaking
SHFE.hc.2205,sell_order,1565569871,4415.000000,13:45:16.000,4414.000000,13:45:16.241,4415.000000,13:45:34.220,1.000000,10,code_sellOrder_onlyClose
SHFE.hc.2205,short_order,1565569902,4413.000000,13:45:59.000,4415.000000,13:46:00.356,4415.000000,13:46:27.046,1.000000,10,code_shortOrder_marketMaking
SHFE.hc.2205,cover_order,1565569919,4414.000000,13:46:25.000,4417.000000,13:46:27.045,4415.000000,13:46:42.627,1.000000,10,code_coverOrder_onlyClose
SHFE.hc.2205,short_order,1565569956,4415.000000,13:47:24.000,4418.000000,13:47:25.235,4418.000000,13:48:12.555,1.000000,10,code_shortOrder_marketMaking
SHFE.hc.2205,cover_order,1565569983,4419.000000,13:48:12.000,4420.000000,13:48:12.554,4419.000000,13:48:42.389,1.000000,10,code_coverOrder_onlyClose
SHFE.hc.2205,short_order,1565570217,4408.000000,13:55:06.000,4408.000000,13:55:06.630,4408.000000,13:55:43.814,1.000000,10,code_shortOrder_marketMaking
SHFE.hc.2205,cover_order,1565570241,4406.000000,13:55:43.500,4407.000000,13:55:43.813,4406.000000,13:56:01.470,1.000000,10,code_coverOrder_onlyClose
SHFE.hc.2205,short_order,1565570257,4409.000000,13:56:11.000,4411.000000,13:56:12.249,4411.000000,13:56:28.249,1.000000,10,code_shortOrder_marketMaking
SHFE.hc.2205,cover_order,1565570268,4415.000000,13:56:28.000,4416.000000,13:56:28.248,4416.000000,13:56:42.702,1.000000,10,code_coverOrder_onlyClose
SHFE.hc.2205,short_order,1565570292,4415.000000,13:57:11.000,4417.000000,13:57:11.558,4417.000000,13:57:34.502,1.000000,10,code_shortOrder_marketMaking
SHFE.hc.2205,cover_order,1565570309,4418.000000,13:57:34.000,4420.000000,13:57:34.500,4419.000000,13:57:48.075,1.000000,10,code_coverOrder_onlyClose
SHFE.hc.2205,buy_order,1565570379,4417.000000,13:59:35.500,4415.000000,13:59:35.977,4414.000000,14:00:07.526,1.000000,10,code_buyOrder_marketMaking
SHFE.hc.2205,sell_order,1565570401,4414.000000,14:00:06.000,4412.000000,14:00:07.525,4414.000000,14:00:25.466,1.000000,10,code_sellOrder_onlyClose
SHFE.hc.2205,short_order,1565570440,4414.000000,14:01:15.000,4416.000000,14:01:16.277,4416.000000,14:01:40.060,1.000000,10,code_shortOrder_marketMaking
SHFE.hc.2205,cover_order,1565570457,4415.000000,14:01:39.500,4417.000000,14:01:40.059,4416.000000,14:01:53.877,1.000000,10,code_coverOrder_onlyClose
SHFE.hc.2205,buy_order,1565570466,4415.000000,14:01:59.000,4412.000000,14:02:00.874,4412.000000,14:02:47.432,1.000000,10,code_buyOrder_marketMaking
SHFE.hc.2205,sell_order,1565570496,4412.000000,14:02:47.000,4411.000000,14:02:47.431,4412.000000,14:03:06.077,1.000000,10,code_sellOrder_onlyClose
SHFE.hc.2205,short_order,1565570526,4415.000000,14:04:00.000,4417.000000,14:04:00.914,4417.000000,14:04:41.903,1.000000,10,code_shortOrder_marketMaking
SHFE.hc.2205,cover_order,1565570547,4421.000000,14:04:41.500,4422.000000,14:04:41.902,4421.000000,14:05:04.839,1.000000,10,code_coverOrder_onlyClose
SHFE.hc.2205,buy_order,1565570558,4424.000000,14:05:04.500,4421.000000,14:05:05.817,4420.000000,14:05:31.182,1.000000,10,code_buyOrder_marketMaking
SHFE.hc.2205,sell_order,1565570572,4423.000000,14:05:30.500,4421.000000,14:05:31.181,4423.000000,14:05:44.504,1.000000,10,code_sellOrder_onlyClose
SHFE.hc.2205,short_order,1565570594,4423.000000,14:06:11.500,4425.000000,14:06:11.858,4425.000000,14:06:37.857,1.000000,10,code_shortOrder_marketMaking
SHFE.hc.2205,cover_order,1565570609,4425.000000,14:06:37.500,4426.000000,14:06:37.855,4426.000000,14:06:50.747,1.000000,10,code_coverOrder_onlyClose
SHFE.hc.2205,buy_order,1565570636,4427.000000,14:07:25.000,4424.000000,14:07:25.424,4424.000000,14:07:33.511,1.000000,10,code_buyOrder_marketMaking
SHFE.hc.2205,sell_order,1565570642,4424.000000,14:07:33.000,4422.000000,14:07:33.510,4423.000000,14:07:42.194,1.000000,10,code_sellOrder_onlyClose
SHFE.hc.2205,short_order,1565570666,4423.000000,14:08:14.500,4425.000000,14:08:15.205,4425.000000,14:08:27.440,1.000000,10,code_shortOrder_marketMaking
SHFE.hc.2205,cover_order,1565570673,4424.000000,14:08:27.000,4426.000000,14:08:27.439,4425.000000,14:08:39.214,1.000000,10,code_coverOrder_onlyClose
SHFE.hc.2205,buy_order,1565570712,4427.000000,14:09:36.500,4425.000000,14:09:37.512,4425.000000,14:09:51.900,1.000000,10,code_buyOrder_marketMaking
SHFE.hc.2205,sell_order,1565570722,4425.000000,14:09:51.500,4423.000000,14:09:51.898,4424.000000,14:10:03.127,1.000000,10,code_sellOrder_onlyClose
